@article{dasgupta1999elementary,
  title={An elementary proof of the Johnson-Lindenstrauss lemma},
  author={Dasgupta, Sanjoy and Gupta, Anupam},
  journal={International Computer Science Institute, Technical Report},
  volume={22},
  number={1},
  pages={1--5},
  year={1999},
  publisher={Citeseer}
}
@misc{Mahoney09,
  author        = {Mahoney, Michael and Newhouse, Ben and Mukherjee, Gourab},
  title         = {CS 369: Algorithms for Modern Massive Data Set Analysis, The Johnson-Lindenstrauss Lemma},
  month         = {September},
  year          = {2009},
  publisher={Stanford University}
}
@MISC {stackoverflowpca,
    title = {PCA vs. random projection},
    author = {ilanman (\url{https://stats.stackexchange.com/users/73527/ilanman})},
    howpublished = {Cross Validated},
    note = {\url{https://stats.stackexchange.com/q/235782} (version: 2018-11-02)},
    eprint = {https://stats.stackexchange.com/q/235782},
    url = {https://stats.stackexchange.com/q/235782}
}
